<?xml version="1.0" encoding="UTF-8"?><record xmlns="http://www.loc.gov/MARC21/slim" xmlns:cinclude="http://apache.org/cocoon/include/1.0" xmlns:zs="http://www.loc.gov/zing/srw/">
  <leader>00702nz  a2200205n  4500</leader>
  <controlfield tag="001">n 2001104722</controlfield>
  <controlfield tag="003">DLC</controlfield>
  <controlfield tag="005">20010410180515.0</controlfield>
  <controlfield tag="008">010410n| acaabaaan          |a ana      </controlfield>
  <datafield tag="010" ind1=" " ind2=" ">
    <subfield code="a">n 2001104722</subfield>
  </datafield>
  <datafield tag="040" ind1=" " ind2=" ">
    <subfield code="a">DLC</subfield>
    <subfield code="b">eng</subfield>
    <subfield code="c">DLC</subfield>
  </datafield>
  <datafield tag="130" ind1=" " ind2="0">
    <subfield code="a">Atti e convegni (Italy. Parlamento)</subfield>
  </datafield>
  <datafield tag="410" ind1="1" ind2=" ">
    <subfield code="a">Italy.</subfield>
    <subfield code="b">Parlamento.</subfield>
    <subfield code="t">Atti e convegni</subfield>
  </datafield>
  <datafield tag="410" ind1="1" ind2=" ">
    <subfield code="a">Italy.</subfield>
    <subfield code="b">Parlamento.</subfield>
    <subfield code="b">Senato.</subfield>
    <subfield code="t">Atti e convegno</subfield>
  </datafield>
  <datafield tag="410" ind1="1" ind2=" ">
    <subfield code="a">Italy.</subfield>
    <subfield code="b">Parlamento.</subfield>
    <subfield code="b">Camera dei deputati.</subfield>
    <subfield code="t">Atti e convegno</subfield>
  </datafield>
  <datafield tag="643" ind1=" " ind2=" ">
    <subfield code="a">Roma</subfield>
    <subfield code="b">Senato della Repubblica</subfield>
  </datafield>
  <datafield tag="644" ind1=" " ind2=" ">
    <subfield code="a">f</subfield>
    <subfield code="5">DLC</subfield>
  </datafield>
  <datafield tag="645" ind1=" " ind2=" ">
    <subfield code="a">t</subfield>
    <subfield code="5">DPCC</subfield>
    <subfield code="5">DLC</subfield>
  </datafield>
  <datafield tag="646" ind1=" " ind2=" ">
    <subfield code="a">s</subfield>
    <subfield code="5">DLC</subfield>
  </datafield>
  <datafield tag="670" ind1=" " ind2=" ">
    <subfield code="a">Le nuove mafie in Italia, 1999:</subfield>
    <subfield code="b">t.p. (Atti e convegno; top of page: Senato della repubblica, Camera dei deputati)</subfield>
  </datafield>
</record>